<collection xmlns="http://www.loc.gov/MARC21/slim">
    <record>
        <leader>01635cas a2200337 a 4500</leader>
        <controlfield tag="001">a5788269</controlfield>
        <controlfield tag='008'>030515c200u9999cauau        s0    0eng d</controlfield>
        <datafield tag="245" ind1="1" ind2="0">
            <subfield code="a">CPA licensee handbook.</subfield>
        </datafield>
        <datafield tag="999" ind1=" " ind2=" ">
            <subfield code="a">CALIF A125 .A34 2002</subfield>
            <subfield code="w">ALPHANUM</subfield>
            <subfield code="c">1</subfield>
            <subfield code="i">36105122888543</subfield>
            <subfield code="l">CALIF-DOCS</subfield>
            <subfield code="m">GREEN</subfield>
            <subfield code="r">Y</subfield>
            <subfield code="s">Y</subfield>
            <subfield code="t">GOVSTKS</subfield>
            <subfield code="u">1/17/2007</subfield>
        </datafield>
        <datafield tag="999" ind1=" " ind2=" ">
            <subfield code="a">CALIF A125 .A34 2003</subfield>
            <subfield code="w">ALPHANUM</subfield>
            <subfield code="c">1</subfield>
            <subfield code="i">36105122888544</subfield>
            <subfield code="l">CALIF-DOCS</subfield>
            <subfield code="m">GREEN</subfield>
        </datafield>
    </record>