
    <record>
        <leader>02293cas a2200421 a 4500</leader>
        <controlfield tag="001">a409752</controlfield>
        <controlfield tag='008'>791210d19731986cauqr        s0    0eng  </controlfield>
        <datafield tag="245" ind1="0" ind2="0">
            <subfield code="a">Bulletin /</subfield>
            <subfield code="c">State Board of Accountancy.</subfield>
        </datafield>
        <datafield tag="999" ind1=" " ind2=" ">
            <subfield code="a">CALIF A125 .B9</subfield>
            <subfield code="w">ALPHANUM</subfield>
            <subfield code="c">1</subfield>
            <subfield code="i">409752-2001</subfield>
            <subfield code="d">1/11/1999</subfield>
            <subfield code="l">CALIF-DOCS</subfield>
            <subfield code="m">GREEN</subfield>
            <subfield code="p">$40.00</subfield>
            <subfield code="r">Y</subfield>
            <subfield code="s">Y</subfield>
            <subfield code="t">GOVSTKS</subfield>
            <subfield code="u">3/9/1981</subfield>
            <subfield code="o">.TECHSTAFF. #15 cat:doc 901130</subfield>
            <subfield code="o">.TECHSTAFF. tf:GOV-DOCS 01/99 batch</subfield>
        </datafield>
        <datafield tag="999" ind1=" " ind2=" ">
            <subfield code="a">CALIF A125 .B9 V.7-15 1966-1977:NO.1</subfield>
            <subfield code="w">ALPHANUM</subfield>
            <subfield code="c">1</subfield>
            <subfield code="i">36105127370737</subfield>
            <subfield code="l">CALIF-DOCS</subfield>
            <subfield code="m">GREEN</subfield>
            <subfield code="r">Y</subfield>
            <subfield code="s">Y</subfield>
            <subfield code="t">GOVSTKS</subfield>
            <subfield code="u">1/17/2007</subfield>
        </datafield>
        <datafield tag="999" ind1=" " ind2=" ">
            <subfield code="a">CALIF A125 .B9 V.17 1977:NO.3</subfield>
            <subfield code="w">ALPHANUM</subfield>
            <subfield code="c">1</subfield>
            <subfield code="i">36105127370745</subfield>
            <subfield code="l">CALIF-DOCS</subfield>
            <subfield code="m">GREEN</subfield>
            <subfield code="r">Y</subfield>
            <subfield code="s">Y</subfield>
            <subfield code="t">GOVSTKS</subfield>
            <subfield code="u">1/17/2007</subfield>
        </datafield>
    </record>