
    <record>
        <leader>00953cas a2200229   4500</leader>
        <controlfield tag='001'>a373245</controlfield>
        <controlfield tag='008'>790219d19161918causu         0   a0eng u</controlfield>
        <datafield tag="245" ind1="0" ind2="0">
            <subfield code="a">Pan American record.</subfield>
        </datafield>
        <datafield tag="999" ind1=" " ind2=" ">
            <subfield code="a">553.2805 .P187 V.1-2 1916-1918</subfield>
            <subfield code="w">DEWEYPER</subfield>
            <subfield code="c">1</subfield>
            <subfield code="i">36105027549075</subfield>
            <subfield code="l">STACKS</subfield>
            <subfield code="m">SAL3</subfield>
            <subfield code="r">Y</subfield>
            <subfield code="s">Y</subfield>
            <subfield code="t">STKS-PERI</subfield>
            <subfield code="u">9/13/2002</subfield>
            <subfield code="o">.TECHSTAFF. tf:SAL 02/25/05 batch</subfield>
            <subfield code="o">.TECHSTAFF. i:vtd 9/13/2002</subfield>
        </datafield>
        <datafield tag="999" ind1=" " ind2=" ">
            <subfield code="a">553.2805 .P187 V.1-2 1919-1920</subfield>
            <subfield code="w">DEWEYPER</subfield>
            <subfield code="c">1</subfield>
            <subfield code="i">36105027549076</subfield>
            <subfield code="l">STACKS</subfield>
            <subfield code="m">SAL3</subfield>
        </datafield>
    </record>