
    <record>
        <leader>08088cas a22008051i 4500</leader>
        <controlfield tag="001">a373759</controlfield>
        <controlfield tag='008'>970819d19191978enksrzp       0   a0eng  </controlfield>
        <datafield tag="245" ind1="0" ind2="0">
            <subfield code="a">Petroleum times.</subfield>
        </datafield>
        <datafield tag="999" ind1=" " ind2=" ">
            <subfield code="a">553.2805 .P494 V.11 1924:JAN.-JUNE</subfield>
            <subfield code="w">DEWEYPER</subfield>
            <subfield code="c">1</subfield>
            <subfield code="i">36105027313985</subfield>
            <subfield code="l">STACKS</subfield>
            <subfield code="m">SAL3</subfield>
            <subfield code="r">Y</subfield>
            <subfield code="s">Y</subfield>
            <subfield code="t">STKS-PERI</subfield>
            <subfield code="u">10/24/2002</subfield>
            <subfield code="o">.TECHSTAFF. tf:SAL 02/25/05 batch</subfield>
            <subfield code="o">.TECHSTAFF. i:vtd10/24/2002</subfield>
        </datafield>
        <datafield tag="999" ind1=" " ind2=" ">
            <subfield code="a">553.2805 .P494 V.11 1924:JUL.-DEC</subfield>
            <subfield code="w">DEWEYPER</subfield>
            <subfield code="c">1</subfield>
            <subfield code="i">36105027313986</subfield>
            <subfield code="l">STACKS</subfield>
            <subfield code="m">SAL3</subfield>
        </datafield>
    </record>
    
</collection>